<?xml version='1.0' encoding='utf-8'?>
<record xmlns="http://www.loc.gov/MARC21/slim" xmlns:xsi="http://www.w3.org/2001/XMLSchema-instance">
  <leader>00000cam^a2200277^a^4500</leader>
  <controlfield tag="001">006879902</controlfield>
  <controlfield tag="005">20090917090954.0</controlfield>
  <controlfield tag="008">001121s2000^^^^miuaf^^^^b^^^^000^0beng^d</controlfield>
  <datafield tag="035" ind1=" " ind2=" ">
    <subfield code="a">(OCoLC)45406608</subfield>
    <subfield code="z">(OCoLC)45433291</subfield>
  </datafield>
  <datafield tag="035" ind1=" " ind2=" ">
    <subfield code="a">(OCoLC)ocm45406608</subfield>
  </datafield>
  <datafield tag="040" ind1=" " ind2=" ">
    <subfield code="a">MOA</subfield>
    <subfield code="c">MOA</subfield>
    <subfield code="d">HBI</subfield>
    <subfield code="d">OCLCG</subfield>
    <subfield code="d">BEU</subfield>
  </datafield>
  <datafield tag="043" ind1=" " ind2=" ">
    <subfield code="a">n-us---</subfield>
  </datafield>
  <datafield tag="049" ind1=" " ind2=" ">
    <subfield code="a">BEUA</subfield>
  </datafield>
  <datafield tag="090" ind1=" " ind2=" ">
    <subfield code="a">QK31.G36</subfield>
    <subfield code="b">G37 2000</subfield>
  </datafield>
  <datafield tag="100" ind1="1" ind2=" ">
    <subfield code="a">Gates, David M.</subfield>
    <subfield code="q">(David Murray),</subfield>
    <subfield code="d">1921-2016.</subfield>
  </datafield>
  <datafield tag="245" ind1="1" ind2="0">
    <subfield code="a">Frank Caleb Gates :</subfield>
    <subfield code="b">botanist and ecologist and his companion Margaret Thompson Gates /</subfield>
    <subfield code="c">by David Murray Gates.</subfield>
  </datafield>
  <datafield tag="260" ind1=" " ind2=" ">
    <subfield code="a">[Ann Arbor, Mich.? :</subfield>
    <subfield code="b">D.M. Gates?],</subfield>
    <subfield code="c">2000.</subfield>
  </datafield>
  <datafield tag="300" ind1=" " ind2=" ">
    <subfield code="a">492, [11] p., [61] p. of plates :</subfield>
    <subfield code="b">ill. (some col.) ;</subfield>
    <subfield code="c">29 cm.</subfield>
  </datafield>
  <datafield tag="504" ind1=" " ind2=" ">
    <subfield code="a">Includes bibliographical references (p. [493]-[498]).</subfield>
  </datafield>
  <datafield tag="600" ind1="1" ind2="0">
    <subfield code="a">Gates, Frank C.</subfield>
    <subfield code="q">(Frank Caleb),</subfield>
    <subfield code="d">1887-1955.</subfield>
  </datafield>
  <datafield tag="600" ind1="1" ind2="0">
    <subfield code="a">Gates, Margaret Thompson.</subfield>
  </datafield>
  <datafield tag="650" ind1=" " ind2="0">
    <subfield code="a">Botanists</subfield>
    <subfield code="z">United States</subfield>
    <subfield code="v">Biography.</subfield>
  </datafield>
  <datafield tag="650" ind1=" " ind2="0">
    <subfield code="a">Ecologists</subfield>
    <subfield code="z">United States</subfield>
    <subfield code="v">Biography.</subfield>
  </datafield>
  <datafield tag="600" ind1="1" ind2="4">
    <subfield code="a">Gates, Margaret T.</subfield>
    <subfield code="q">(Margaret Thompson),</subfield>
    <subfield code="d">1887-1964.</subfield>
  </datafield>
  <datafield tag="852" ind1="8" ind2=" ">
    <subfield code="a">MiU-H</subfield>
    <subfield code="b">BENT</subfield>
    <subfield code="h">0142 Aa 2 Box 1</subfield>
  </datafield>
  <datafield tag="997" ind1=" " ind2=" ">
    <subfield code="a">MARS</subfield>
  </datafield>
  <datafield tag="955" ind1=" " ind2=" ">
    <subfield code="b">BENT</subfield>
    <subfield code="p">39015071894369</subfield>
  </datafield>
</record>
